@misc{web:site:whispersystems:about,
  Title                    = {Open WhisperSystems >> About Us},
  Key                      = {Open Whisper Systems},
  Month                    = {April},
  Year                     = {2015},
  Day                      = {23},
  Url                      = {https://whispersystems.org/about/}
}
